
@InProceedings{pmlr-v216-wimmer23a,
  title = 	 {Quantifying aleatoric and epistemic uncertainty in machine learning: Are conditional entropy and mutual information appropriate measures?},
  author =       {Wimmer, Lisa and Sale, Yusuf and Hofman, Paul and Bischl, Bernd and H\"ullermeier, Eyke},
  booktitle = 	 {Proceedings of the Thirty-Ninth Conference on Uncertainty in Artificial Intelligence},
  pages = 	 {2282--2292},
  year = 	 {2023},
  editor = 	 {Evans, Robin J. and Shpitser, Ilya},
  volume = 	 {216},
  series = 	 {Proceedings of Machine Learning Research},
  month = 	 {31 Jul--04 Aug},
  publisher =    {PMLR},
  pdf = 	 {https://proceedings.mlr.press/v216/wimmer23a/wimmer23a.pdf},
  url = 	 {https://proceedings.mlr.press/v216/wimmer23a.html}
}
%===========================================================


@inproceedings{nie2015,
  title={Scale of fluctuation for geotechnical probabilistic analysis scale of fluctuation for geotechnical probabilistic analysis},
  author={Nie, X and Zhang, T and Huang, H and Liu, Z and Lacasse, S},
  booktitle={Proc. of the 5th International Symposium on Geotechnical Safety and Risk},
  volume={1},
  pages={834--40},
  year={2015}
}

@article{zdravkovic2020,
  title={Ground characterisation for PISA pile testing and analysis},
  author={Zdravkovi{\'c}, Lidija and Jardine, Richard J and Taborda, David MG and Abadias, David and Burd, Harvey J and Byrne, Byron W and Gavin, Kenneth G and Houlsby, Guy T and Igoe, David JP and Liu, Tingfa and others},
  journal={G{\'e}otechnique},
  volume={70},
  number={11},
  pages={945--960},
  year={2020},
  publisher={Thomas Telford Ltd}
}

@article{bado2022,
  title={Digital twin for civil engineering systems: an exploratory review for distributed sensing updating},
  author={Bado, Mattia Francesco and Tonelli, Daniel and Poli, Francesca and Zonta, Daniele and Casas, Joan Ramon},
  journal={Sensors},
  volume={22},
  number={9},
  pages={3168},
  year={2022},
  publisher={MDPI}
}


@article{kapteyn2021,
  title={A probabilistic graphical model foundation for enabling predictive digital twins at scale},
  author={Kapteyn, Michael G and Pretorius, Jacob VR and Willcox, Karen E},
  journal={Nature Computational Science},
  volume={1},
  number={5},
  pages={337--347},
  year={2021},
  publisher={Nature Publishing Group US New York}
}

@article{taborda2020,
  title={Finite-element modelling of laterally loaded piles in a dense marine sand at Dunkirk},
  author={Taborda, David MG and Zdravkovi{\'c}, Lidija and Potts, David M and Burd, Harvey J and Byrne, Byron W and Gavin, Kenneth G and Houlsby, Guy T and Jardine, Richard J and Liu, Tingfa and Martin, Christopher M and others},
  journal={G{\'e}otechnique},
  volume={70},
  number={11},
  pages={1014--1029},
  year={2020},
  publisher={Thomas Telford Ltd}
}

@article{byrne2020,
  title={PISA design model for monopiles for offshore wind turbines: application to a stiff glacial clay till},
  author={Byrne, Byron W and Houlsby, Guy T and Burd, Harvey J and Gavin, Kenneth G and Igoe, David JP and Jardine, Richard J and Martin, Christopher M and McAdam, Ross A and Potts, David M and Taborda, David MG and others},
  journal={G{\'e}otechnique},
  volume={70},
  number={11},
  pages={1030--1047},
  year={2020},
  publisher={Thomas Telford Ltd}
}

@article{wagner2020,
  title={Bayesian calibration and sensitivity analysis of heat transfer models for fire insulation panels},
  author={Wagner, P-R and Fahrni, Reto and Klippel, Michael and Frangi, Andrea and Sudret, Bruno},
  journal={Engineering structures},
  volume={205},
  pages={110063},
  year={2020},
  publisher={Elsevier}
}

@article{moustapha2022,
  title={Active learning for structural reliability: Survey, general framework and benchmark},
  author={Moustapha, Maliki and Marelli, Stefano and Sudret, Bruno},
  journal={Structural Safety},
  volume={96},
  pages={102174},
  year={2022},
  publisher={Elsevier}
}

@article{hsein2013,
  title={Bayesian updating of soil parameters for braced excavations using field observations},
  author={Hsein Juang, C and Luo, Zhe and Atamturktur, Sez and Huang, Hongwei},
  journal={Journal of Geotechnical and Geoenvironmental Engineering},
  volume={139},
  number={3},
  pages={395--406},
  year={2013},
  publisher={American Society of Civil Engineers}
}
@article{nagel2020,
  title={Principal component analysis and sparse polynomial chaos expansions for global sensitivity analysis and model calibration: Application to urban drainage simulation},
  author={Nagel, Joseph B and Rieckermann, J{\"o}rg and Sudret, Bruno},
  journal={Reliability Engineering \& System Safety},
  volume={195},
  pages={106737},
  year={2020},
  publisher={Elsevier}
}

@article{li2018,
  title={Bayesian prediction of peak resistance of a spudcan penetrating sand-over-clay},
  author={Li, Jinhui and Hu, Pan and Uzielli, Marco and Cassidy, Mark J},
  journal={G{\'e}otechnique},
  volume={68},
  number={10},
  pages={905--917},
  year={2018},
  publisher={Thomas Telford Ltd}
}


@inproceedings{sudret2018,
  title={Uncertainty quantification in the simulation of complex systems},
  author={Sudret, Bruno},
  booktitle={1st International Conference on Infrastructure Resilience},
  year={2018},
  organization={ETH Zurich}
}


@book{murphy2012,
  title={Machine learning: a probabilistic perspective},
  author={Murphy, Kevin P},
  year={2012},
  publisher={MIT press}
}

@Inbook{Saouma2021,
author="Saouma, Victor E.
and Hariri-Ardebili, M. Amin",
title="Uncertainty Quantification",
bookTitle="Aging, Shaking, and Cracking of Infrastructures: From Mechanics to Concrete Dams and Nuclear Structures",
year="2021",
publisher="Springer International Publishing",
address="Cham",
pages="423--454"
}


@inproceedings{sudret2018,
  title={Recent developments in surrogate modelling for uncertainty quantification},
  author={Sudret, Bruno and Konakli, Katerina and Mai, Chu V and Marelli, Stefano and Nagel, Joseph and Sch{\"o}bi, Roland},
  booktitle={3rd International Conference on Vulnerability and Risk Analysis and Management (ICVRAM 2018)},
  year={2018},
  organization={ETH Zurich, Risk, Safety and Uncertainty Quantification}
}


@article{zdravkovic2024,
  title={Geotechnical Engineering for a Sustainable Society},
  author={Lidija ZdravkoviÄ‡},
    journal={Rankine lecture},
  year={2024}
}